@misc{bray2014javascript,
  title={The javascript object notation (json) data interchange format},
  author={Bray, Tim},
  year={2014}
}

@article{arends2005dns,
  title={DNS Security Introduction and Requirements, RFC 4033},
  author={Arends, Roy and Austein, Rob and Larson, Matt and Massey, Daniel and Rose, Scott W},
  journal={Internet Engineering Task Force (IETF)},
  year={2005}
}

@misc{josefsson2006storing,
  title={Storing certificates in the domain name system (dns)},
  author={Josefsson, Simon},
  year={2006}
}

@misc{nist800,
  title={800-57 Part 3 Rev 1, Recommendation for Key Management: Part 3: Application-Specific Key Management Guidance},
  author={NIST, SP},
  year={2015}
}

@misc{warasart2012based,
  title={Paper-based Document Authentication using Digital Signature and QR Code},
  author={Warasart, Maykin and Kuacharoen, Pramote},
  year={2012}
}

@inproceedings{thiranant2015performance,
  title={Performance comparison between RSA and elliptic curve cryptography-based QR code authentication},
  author={Thiranant, Non and Lee, Young Sil and Lee, Hoonjae},
  booktitle={Advanced Information Networking and Applications Workshops (WAINA), 2015 IEEE 29th International Conference on},
  pages={278--282},
  year={2015},
  organization={IEEE}
}

@inproceedings{osterweil2009deploying,
  title={Deploying and monitoring dns security (dnssec)},
  author={Osterweil, Eric and Massey, Dan and Zhang, Lixia},
  booktitle={Computer Security Applications Conference, 2009. ACSAC'09. Annual},
  pages={429--438},
  year={2009},
  organization={IEEE}
}

@article{soon2008qr,
  title={QR code},
  author={Soon, Tan Jin},
  journal={Synthesis Journal},
  volume={2008},
  pages={59--78},
  year={2008}
}

@misc{josefsson2006base16,
  title={The base16, base32, and base64 data encodings},
  author={Josefsson, Simon},
  year={2006}
}

@misc{arends2008rfc,
  title={RFC 4034-Resource Records for the DNS Security Extensions (2005)},
  author={Arends, Roy and Austein, Rob and Larson, Matt and Massey, Dan and Rose, Scott},
  year={2008}
}


@misc{iana_domain_2017,
	title = {Domain {Name} {System} {Security} ({DNSSEC}) {Algorithm} {Numbers}},
	howpublished = {https://www.iana.org/assignments/dns-sec-alg-numbers/dns-sec-alg-numbers.xhtml},
	urldate = {2017-07-09},
	author = {{IANA}},
	month = mar,
	year = {2017},
	note = {(Accessed on 2017-07-10)}
}

@misc{new_sample_2013,
	title = {Sample {New} {York} {State} {DMV} {Photo} {Documents}},
	howpublished = {https://dmv.ny.gov/id-card/sample-photo-documents},
	language = {en},
	urldate = {2017-07-14},
	journal = {New York State DMV},
	author = {New York State DMV},
	month = nov,
	year = {2013},
	note = {(Accessed on 2017-07-10)}
}

@inproceedings{garain2008automatic,
  title={On automatic authenticity verification of printed security documents},
  author={Garain, Utpal and Halder, Biswajit},
  booktitle={Computer Vision, Graphics \& Image Processing, 2008. ICVGIP'08. Sixth Indian Conference on},
  pages={706--713},
  year={2008},
  organization={IEEE}
}

@article{chandramouli2013secure,
  title={Secure domain name system (DNS) deployment guide},
  author={Chandramouli, Ramaswamy and Rose, Scott},
  journal={NIST Special Publication},
  volume={800},
  pages={81--2},
  year={2013}
}

@article{fips2013186,
  title={186-4},
  author={FIPS, PUB},
  journal={Digital Signature Standard (DSS)},
  year={2013}
}


@misc{verisign_dnssec,
	title = {{DNSSEC} {Analyzer}},
	howpublished = {https://dnssec-debugger.verisignlabs.com/},
	urldate = {2017-07-10},
	author = {{Verisign Inc.}},
	year = {2011},
	note = {(Accessed on 2017-07-10)}
}

@misc{python_cryptography,
	title = {Welcome to pyca/cryptography â€” {Cryptography} 2.0.dev1 documentation},
	howpublished = {https://cryptography.io/en/latest/},
	urldate = {2017-07-10},
	author = {{Python Cryptographic Authority}},
	year = {2013},
	note = {(Accessed on 2017-07-10)}
}

@misc{python_tornadoweb,
	title = {Tornado Web Server - Tornado 4.5.2 Documentation},
	howpublished = {http://www.tornadoweb.org/en/stable/},
	urldate = {2017-07-10},
	author = {{The Tornado Authors}},
	year = {2017},
	note = {(Accessed on 2017-07-10)}
}

@misc{telegram_bot,
    author = {Telegram},
    title = {Bots: An introduction for developers},
    howpublished = {https://core.telegram.org/bots},
    month = {},
    year = {2017},
    note = {(Accessed on 2017-07-10)}
}

